%% This BibTeX bibliography file was created using BibDesk.
%% https://bibdesk.sourceforge.io/

%% Created for Claus Portner at 2023-09-13 10:58:58 -0700 


%% Saved with string encoding Unicode (UTF-8) 



@article{Pitt1990,
	author = {Pitt, Mark M and Rosenzweig, Mark R and Hassan, Md Nazmul},
	date-added = {2023-09-13 10:58:19 -0700},
	date-modified = {2023-09-13 10:58:35 -0700},
	journal = {American Economic Review},
	number = {5},
	pages = {1139--1156},
	rating = {0},
	title = {{Productivity, Health, and Inequality in the Intrahousehold Distribution of Food in Low-Income Countries}},
	volume = {80},
	year = {1990},
	bdsk-file-1 = {YnBsaXN0MDDSAQIDBFxyZWxhdGl2ZVBhdGhZYWxpYXNEYXRhXxCKLi4vLi4vLi4vTGlicmFyeS9Nb2JpbGUgRG9jdW1lbnRzLzNMNjhLUUI0SEd+Y29tfnJlYWRkbGV+Q29tbW9uRG9jdW1lbnRzL0RvY3VtZW50cy9waXR0L3BpdHQtMTk5MC1wcm9kdWN0aXZpdHksIGhlYWx0aCwgYW5kIGluZXF1YWxpdHkucGRmTxECXAAAAAACXAACAAAMTWFjaW50b3NoIEhEAAAAAAAAAAAAAAAAAAAA4RgzwUJEAAH/////H3BpdHQtMTk5MC1wcm9kdWN0aSNGRkZGRkZGRi5wZGYAAAAAAAAAAAAAAAAAAAAAAAAAAAAAAAAAAAAAAAAAAP/////OaPxPAAAAAAAAAAAAAwAGAAAKIGN1AAAAAAAAAAAAAAAAAARwaXR0AAIAjy86VXNlcnM6Y2xhdXM6TGlicmFyeTpNb2JpbGUgRG9jdW1lbnRzOjNMNjhLUUI0SEd+Y29tfnJlYWRkbGV+Q29tbW9uRG9jdW1lbnRzOkRvY3VtZW50czpwaXR0OnBpdHQtMTk5MC1wcm9kdWN0aXZpdHksIGhlYWx0aCwgYW5kIGluZXF1YWxpdHkucGRmAAAOAGYAMgBwAGkAdAB0AC0AMQA5ADkAMAAtAHAAcgBvAGQAdQBjAHQAaQB2AGkAdAB5ACwAIABoAGUAYQBsAHQAaAAsACAAYQBuAGQAIABpAG4AZQBxAHUAYQBsAGkAdAB5AC4AcABkAGYADwAaAAwATQBhAGMAaQBuAHQAbwBzAGgAIABIAEQAEgCNVXNlcnMvY2xhdXMvTGlicmFyeS9Nb2JpbGUgRG9jdW1lbnRzLzNMNjhLUUI0SEd+Y29tfnJlYWRkbGV+Q29tbW9uRG9jdW1lbnRzL0RvY3VtZW50cy9waXR0L3BpdHQtMTk5MC1wcm9kdWN0aXZpdHksIGhlYWx0aCwgYW5kIGluZXF1YWxpdHkucGRmAAATAAEvAAAVAAIADP//AAAACAANABoAJACxAAAAAAAAAgEAAAAAAAAABQAAAAAAAAAAAAAAAAAAAxE=}}
